@STRING{accMar = "Accessed " # mar # " 2017"}
@STRING{accApr = "Accessed " # apr # " 2017"}
@STRING{accMay = "Accessed " # may # " 2017"}

@ARTICLE{virr01,
  author = {K. Virrantaus and J. Markkula and A. Garmash and Y.V. Terziyan},
  title = {Developing \textsc{GIS}-Supported Location- Based Services},
  journal = {Proceedings of the Second International Conference on Web Information Systems Engineering, 2001},
  month = {August},
  year = {2001},
  volume = {2},
  number = {},
  pages = {423�432},
}
@ARTICLE{onto,
  author = {Thomas R. Gruber},
  title = {A Translation Approach to Portable Ontology Specifications},
  month = {April},
  year = {1993},
  volume = {2},
}



@book{semwebp,
 author = {Antoniou, Grigoris and Harmelen, Frank van},
 title = {A Semantic Web Primer, 2Nd Edition (Cooperative Information Systems)},
 year = {2008},
 isbn = {0262012421, 9780262012423},
 edition = {2},
 publisher = {The MIT Press},
} 

@misc{hist,
author = {Tony Johnson},
title = {www.slac.stanford.edu/pubs/beamline/24/3/24-3-johnson.pdf},
howpublished = {\url{http://www.slac.stanford.edu/pubs/beamline/24/3/24-3-johnson.pdf}},
note = accMar
}


@misc{css, 
title={Cascading Style Sheets, level 1}, url={http://www.w3.org/TR/CSS1/},
urldate= {2017-04-20},
journal={W3C}, 
year={2008}, 
note = accMar,
month={Apr}
}

@article{wordnet,
  title={WordNet: a lexical database for English},
  author={Miller, George A},
  journal={Communications of the ACM},
  volume={38},
  number={11},
  pages={39--41},
  year={1995},
  publisher={ACM}
}

@misc{dom, 
title={Document Object Model}, url={https://www.w3.org/DOM/}, 
urldate= {2017-04-20},
NOTE= accMar,
journal={W3C}, 
year={2005}, 
month={Jan}
}
@misc{OWL, 
title={Ontology Web Language}, url={http://www.w3.org/TR/owl-features/}, 
urldate= {2017-05-15},
note= accApr,
journal={W3C}, 
year={2012}, 
month={Dec}
}



@misc{dom2, 
title={Document Object Model Level 2}, url={https://www.w3.org/TR/DOM-Level-2-Core/}, 
urldate= {2017-04-20},
journal={W3C}, 
year={2000}, 
note = accMar,
month={Nov}

}
@misc{OWL2, 
title={Ontology Web Language}, url={http://www.w3.org/TR/owl2-overview/#Relationship_to_OWL_1}, 
urldate= {2017-05-16},
note= accMay,
journal={W3C}, 
year={2012}, 
month={Dec}
}

@misc{css2, 
title={Cascading style sheets w3school}, url={https://www.w3schools.com/css/css_syntax.asp}, 
note= accMar ,
urldate= {2017-04-20},
journal={W3School}
}

@misc{rdfv, 
title={Resource Describtion language vocabulary}, url={https://www.w3schools.com/xml/xml_rdf.asp}, 
urldate= {2017-04-20},
note= accApr,
journal={W3School}
}

@misc{archi, 
title={Semantic Web - the next revolution}, url={https://www.w3.org/2001/Talks/0409-tbl/all.htm}, 
urldate= {2017-04-25},
note= accApr,
journal={W3C},
year={2001},
note= accApr,
month={Apr}
}

@misc{ner,
title = {The Stanford Natural Language Processing Group},
howpublished = {\url{https://nlp.stanford.edu/software/CRF-NER.shtml}},
note = {(Accessed on 04/13/2017)}
}

@misc{reeeeeeee,
author = {Lucia Specia and Enrico Motta },
title = {A hybrid approach for relation extraction aimed to
semantic annotations },
howpublished = {\url{https://pdfs.semanticscholar.org/7c75/83286aea79959f2823b4ab9d2ae00515abe6.pdf}},
note = {(Accessed on 05/2/2017)}
}

@misc{SPARQL,
author = {Bastian Quilitz and Ulf Leser},
title = {Querying Distributed RDF Data Sources
},
howpublished = {\url{https://www.informatik.hu-berlin.de/de/forschung/gebiete/wbi/research/publications/2008/DARQ-FINAL.pdf}},
note = {(Accessed on 04/13/2017)}
}

@article{ontonew,
  title={A conception of ontology},
  author={Lawson, Tony},
  journal={Mimeograph, University of Cambridge},
  year={2004}
}

@article{ajax,
  title={Ajax: A new approach to web applications},
  author={Garrett, Jesse James and others},
  year={2005}
}

@misc{spider,
title = {What is Spider? Webopedia Definition},
howpublished = {\url{http://www.webopedia.com/TERM/S/spider.html}},
note = {(Accessed on 04/25/2017)}
}


@misc{search,
title = {What is a Search Engine? Webopedia Definition},
howpublished = {\url{http://www.webopedia.com/TERM/S/search_engine.html}},
note = {(Accessed on 05/25/2017)}
}




@book{graphmodel,
  title={Playfair's commercial and political atlas and statistical breviary},
  author={Playfair, William and Wainer, Howard and Spence, Ian},
  year={2005},
  publisher={Cambridge University Press}
}

@inproceedings{openie,
  title={The Stanford typed dependencies representation},
  author={De Marneffe, Marie-Catherine and Manning, Christopher D},
  booktitle={Coling 2008: proceedings of the workshop on cross-framework and cross-domain parser evaluation},
  pages={1--8},
  year={2008},
  organization={Association for Computational Linguistics}
}

@article{maha,
  title={Automatic detection of variable data in web document: Graphical representation on demand},
  author={Maha Mallek and Ramzi Guetari},
  journal={IEEE International Computer Science and Engineering Conference web conference (ICSEC)},
  year={2016},
  publisher={IEE}
}


@article{nour,
  title={Semantic Annotation for the “on demand graphical
representation” of variable data in Web documents},
  author={Nour El Houda Ben Chaabene and Ramzi Guetari},
  journal={Computer Science and Engineering Conference (ICSEC) 2016 International, pp. 1-6.},
  year={2016},
  publisher={IEE}
}

@incollection{ontosearch,
  title={Ontosearch: An ontology search engine},
  author={Zhang, Yi and Vasconcelos, Wamberto and Sleeman, Derek},
  booktitle={Research and Development in Intelligent Systems XXI},
  pages={58--69},
  year={2005},
  publisher={Springer}
}

@article{jiang,
  title={Semantic similarity based on corpus statistics and lexical taxonomy},
  author={Jiang, Jay J and Conrath, David W},
  journal={arXiv preprint cmp-lg/9709008},
  year={1997}
}

@article{xml,
  title={Extensible markup language (XML).},
  author={Bray, Tim and Paoli, Jean and Sperberg-McQueen, C Michael and Maler, Eve and Yergeau, Fran{\c{c}}ois},
  journal={World Wide Web Journal},
  volume={2},
  number={4},
  pages={27--66},
  year={1997}
}


@article{nlp,
  title={Natural language processing},
  author={Chowdhury, Gobinda G},
  journal={Annual review of information science and technology},
  volume={37},
  number={1},
  pages={51--89},
  year={2003},
  publisher={Wiley Online Library}
}

@misc{jena,
author = {The Apache Software Foundation},
title = {Apache Jena - What is Jena?},
howpublished = {\url{https://jena.apache.org/about_jena/about.html}},
note = {(Accessed on 03/17/2017)}
}

@inproceedings{corenlp,
  title={The stanford corenlp natural language processing toolkit.},
  author={Manning, Christopher D and Surdeanu, Mihai and Bauer, John and Finkel, Jenny Rose and Bethard, Steven and McClosky, David},
  booktitle={ACL (System Demonstrations)},
  pages={55--60},
  year={2014}
}

@inproceedings{textmark,
  title={TextRank: Bringing order into texts},
  author={Mihalcea, Rada and Tarau, Paul},
  year={2004},
  organization={Association for Computational Linguistics}
}

@TECHREPORT{RDFSchema,
    AUTHOR       = {Ramanathan V. Guha and Dan Brickley},
    TITLE        = {{RDF} {Vocabulary} {Description} {Language} 1.0: {RDF} {Schema}},
    MONTH        = feb,
    NOTE         = {\url{http://www.w3.org/TR/2004/REC-rdf-schema-20040210/}},
    YEAR         = 2004,
    BIBSOURCE    = {\url{http://w2.syronex.com/jmr/w3c-biblio/}},
    note= accApr,
    TYPE         = {{W3C} {Recommendation}},
    INSTITUTION  = {W3C}
}

@misc{history, 
title={The history of the Web}, url={https://www.w3.org/wiki/The_history_of_the_Web},
urldate= {2017-04-20},
NOTE = accApr,
journal={The history of the Web - W3C Wiki}
}

@Book{web2030,
 author = {Murugesan, San},
 title = {Handbook of research on Web 2.0, 3.0, and X.0 : technologies, business, and social applications},
 publisher = {Information Science Reference},
 year = {2010},
 address = {Hershey, PA},
 isbn = {978-1-60566-384-5}
 }
  
 @article{owlapi,
  title={The owl api: A java api for owl ontologies},
  author={Horridge, Matthew and Bechhofer, Sean},
  journal={Semantic Web},
  volume={2},
  number={1},
  pages={11--21},
  year={2011},
  publisher={IOS Press}
}
 
@misc{hermit,
title = {HermiT Reasoner Homepage},
howpublished = {\url{http://www.hermit-reasoner.com/}},
note = {(Accessed on 05/5/2017)}
} 
 
 @misc{xmlshema, title={W3C XML Schema Definition Language (XSD) 1.1 Part 1: Structures}, url={http://www.w3.org/TR/xmlschema11-1/},
 urldate= {2017-04-20},
 journal={W3C}, 
 year={2012}, 
 month={Apr},
 note = accMar
 }
 
 @article{rss,
  title={Using Really Simple Syndication (RSS) to enhance student research},
  author={Cold, S Jeff},
  journal={ACM SIGITE Newsletter},
  volume={3},
  number={1},
  pages={6--9},
  year={2006}
}
 
 @Book{rss,
 author = {Ying, Lim},
 title = {Advanced Microsoft Content Management Server development : working with the publishing API, placeholders, search, web services, RSS, and SharePoint integration},
 publisher = {Packt Pub},
 year = {2005},
 address = {Birmingham, U.K},
 isbn = {978-1904811534}
 }

@Book{sem1springer,
 author = {Staab, Steffen},
 title = {Handbook on ontologies, (Second edition)},
 publisher = {Springer},
 year = {2009},
 address = {Berlin},
 isbn = {978-3-540-92673-3}
 }
 @BOOK{HLP08,
    AUTHOR       = {Frank van Harmelen and Vladimir Lifschitz and Bruce Porter},
    TITLE        = {{Handbook} of {Knowledge} {Representation} ({Foundations} of {Artificial} {Intelligence})},
    PUBLISHER    = {Elsevier B.V.},
    YEAR         = 2008,
    EDITION      = 1
}